<record><leader>00000cas a22000007a 4500</leader><controlfield tag="001">14205132</controlfield><controlfield tag="008">860911d186618uutxucr n       0    0eng d</controlfield><datafield ind1=" " ind2=" " tag="010"><subfield code="a">sn 86088867 </subfield></datafield><datafield ind1=" " ind2=" " tag="040"><subfield code="a">PPM</subfield><subfield code="b">eng</subfield><subfield code="c">PPM</subfield><subfield code="d">OCLCQ</subfield></datafield><datafield ind1=" " ind2=" " tag="042"><subfield code="a">msc</subfield></datafield><datafield ind1="0" ind2=" " tag="130"><subfield code="a">Semi-weekly star (Houston, Tex. : 1866)</subfield></datafield><datafield ind1="1" ind2="4" tag="245"><subfield code="a">The semi-weekly star.</subfield></datafield><datafield ind1="3" ind2="0" tag="246"><subfield code="a">Houston semi-weekly star</subfield></datafield><datafield ind1="3" ind2="0" tag="246"><subfield code="a">Semiweekly star</subfield></datafield><datafield ind1=" " ind2=" " tag="260"><subfield code="a">Houston, Tex. :</subfield><subfield code="b">R.H. Purdom &amp; Co.,</subfield><subfield code="c">1866-</subfield></datafield><datafield ind1=" " ind2=" " tag="300"><subfield code="a">v. ;</subfield><subfield code="c">51 cm.</subfield></datafield><datafield ind1=" " ind2=" " tag="310"><subfield code="a">Semiweekly</subfield></datafield><datafield ind1="0" ind2=" " tag="362"><subfield code="a">Vol. 1, no. 1 (Apr. 2, 1866)-</subfield></datafield><datafield ind1=" " ind2=" " tag="580"><subfield code="a">Dailly edition: Evening star (Houston, Tex. : 1866).</subfield></datafield><datafield ind1=" " ind2=" " tag="752"><subfield code="a">United States</subfield><subfield code="b">Texas</subfield><subfield code="c">Harris</subfield><subfield code="d">Houston.</subfield></datafield><datafield ind1="1" ind2=" " tag="775"><subfield code="t">Evening star (Houston, Tex. : 1866)</subfield><subfield code="w">(OCoLC)14205027</subfield></datafield></record>